<?xml version="1.0" encoding="utf-8"?>
<record xmlns="http://www.loc.gov/MARC21/slim" xmlns:xsi="http://www.w3.org/2001/XMLSchema-instance" xsi:schemaLocation="http://www.loc.gov/MARC21/slim http://www.loc.gov/standards/marcxml/schema/MARC21slim.xsd">
	<leader>
		02067nam a2200397   4500
	</leader>
	<controlfield tag="001">
		1893020
	</controlfield>
	<controlfield tag="003">
		NNC
	</controlfield>
	<controlfield tag="006">
		m        d        
	</controlfield>
	<controlfield tag="007">
		cr cn |||m|||a
	</controlfield>
	<controlfield tag="008">
		151007m19449999iq      ob    000 0 ara d
	</controlfield>
	<datafield ind1=" " ind2=" " tag="040">
		<subfield code="a">
			NNU
		</subfield>
		<subfield code="b">
			eng
		</subfield>
		<subfield code="e">
			rda
		</subfield>
		<subfield code="c">
			NNU
		</subfield>
	</datafield>
	<datafield ind1=" " ind2=" " tag="043">
		<subfield code="a">
			e-uk-en
		</subfield>
	</datafield>
	<datafield ind1="1" ind2=" " tag="100">
		<subfield code="6">
			880-01
		</subfield>
		<subfield code="a">
			Mumayyiz, Amīn.
		</subfield>
	</datafield>
	<datafield ind1="1" ind2="0" tag="240">
		<subfield code="a">
			England and the English.
		</subfield>
		<subfield code="l">
			Arabic
		</subfield>
	</datafield>
	<datafield ind1="1" ind2="3" tag="245">
		<subfield code="6">
			880-02
		</subfield>
		<subfield code="a">
			al-Īnkilīz kamā ʻaraftuhum :
		</subfield>
		<subfield code="b">
			muṭālaʻāt wa-mushāhadāt ʻan al-mujtamaʻ al-Barīṭānī /
		</subfield>
		<subfield code="c">
			Amīn al-Mumayyiz.
		</subfield>
	</datafield>
	<datafield ind1="1" ind2=" " tag="246">
		<subfield code="i">
			Added t.-p.:
		</subfield>
		<subfield code="a">
			Arabic version of England and the English people; observations of an Iraqi-Moslem
		</subfield>
	</datafield>
	<datafield ind1=" " ind2=" " tag="260">
		<subfield code="6">
			880-03
		</subfield>
		<subfield code="a">
			Baghdād :
		</subfield>
		<subfield code="b">
			Maṭbaʻat al-Sikak al-Ḥadīdīyah lil-Ḥukūmah al-ʻIrāqīyah,
		</subfield>
		<subfield code="c">
			1944-
		</subfield>
	</datafield>
	<datafield ind1=" " ind2=" " tag="300">
		<subfield code="a">
			online resource (v.)
		</subfield>
	</datafield>
	<datafield ind1=" " ind2=" " tag="336">
		<subfield code="a">
			text
		</subfield>
		<subfield code="2">
			rdacontent
		</subfield>
	</datafield>
	<datafield ind1=" " ind2=" " tag="337">
		<subfield code="a">
			computer
		</subfield>
		<subfield code="2">
			rdamedia
		</subfield>
	</datafield>
	<datafield ind1=" " ind2=" " tag="338">
		<subfield code="a">
			online resource
		</subfield>
		<subfield code="2">
			rdacarrier
		</subfield>
	</datafield>
	<datafield ind1=" " ind2=" " tag="500">
		<subfield code="a">
			Part of the Arabic Collections Online (ACO) project, contributed by Columbia University Libraries.
		</subfield>
	</datafield>
	<datafield ind1=" " ind2=" " tag="504">
		<subfield code="a">
			Includes bibliographical references (3 page at end of v. 1).
		</subfield>
	</datafield>
	<datafield ind1=" " ind2=" " tag="533">
		<subfield code="a">
			Electronic reproduction.
		</subfield>
		<subfield code="b">
			New York, N.Y. :
		</subfield>
		<subfield code="c">
			New York University,
		</subfield>
		<subfield code="d">
			2015.
		</subfield>
		<subfield code="5">
			NNU
		</subfield>
	</datafield>
	<datafield ind1=" " ind2="0" tag="651">
		<subfield code="a">
			England
		</subfield>
		<subfield code="x">
			Social life and customs.
		</subfield>
	</datafield>
	<datafield ind1=" " ind2="7" tag="650">
		<subfield code="a">
			Manners and customs.
		</subfield>
		<subfield code="2">
			fast
		</subfield>
		<subfield code="0">
			(OCoLC)fst01007815
		</subfield>
	</datafield>
	<datafield ind1=" " ind2="7" tag="651">
		<subfield code="a">
			England.
		</subfield>
		<subfield code="2">
			fast
		</subfield>
		<subfield code="0">
			(OCoLC)fst01219920
		</subfield>
	</datafield>
	<datafield ind1="2" ind2=" " tag="710">
		<subfield code="a">
			Columbia University.
		</subfield>
		<subfield code="b">
			Libraries.
		</subfield>
	</datafield>
	<datafield ind1="0" ind2=" " tag="730">
		<subfield code="a">
			Arabic Collections Online.
		</subfield>
	</datafield>
	<datafield ind1="0" ind2="8" tag="776">
		<subfield code="i">
			Print version:
		</subfield>
		<subfield code="a">
			Mumayyiz, Amīn.
		</subfield>
		<subfield code="t">
			al-Īnkilīz kamā ʻaraftuhum
		</subfield>
		<subfield code="w">
			(NNC)1893020
		</subfield>
		<subfield code="w">
			(OCoLC)35633500
		</subfield>
	</datafield>
	<datafield ind1="4" ind2="0" tag="856">
		<subfield code="u">
			http://hdl.handle.net/2333.1/v6wwq239
		</subfield>
	</datafield>
	<datafield ind1="1" ind2=" " tag="880">
		<subfield code="6">
			100-01/r
		</subfield>
		<subfield code="a">
			مميز، ٱمين.
		</subfield>
	</datafield>
	<datafield ind1="1" ind2="2" tag="880">
		<subfield code="6">
			245-02/r
		</subfield>
		<subfield code="a">
			الانكليز كما عرفتهم :
		</subfield>
		<subfield code="b">
			مطالعات ومشاهدات عن المجتمع البريطاني /
		</subfield>
		<subfield code="c">
			امين المميز.
		</subfield>
	</datafield>
	<datafield ind1=" " ind2=" " tag="880">
		<subfield code="6">
			260-03/r
		</subfield>
		<subfield code="a">
			بغداد :
		</subfield>
		<subfield code="b">
			مطبعة السكك الحديدية للحكومة العراقية،
		</subfield>
		<subfield code="c">
			1944
		</subfield>
	</datafield>
	<datafield ind1=" " ind2=" " tag="959">
		<subfield code="a">
			NNU
		</subfield>
		<subfield code="b">
			WEB
		</subfield>
		<subfield code="c">
			GENI
		</subfield>
		<subfield code="t">
			0
		</subfield>
		<subfield code="m">
			Electronic access
		</subfield>
		<subfield code="s">
			01
		</subfield>
	</datafield>
	<datafield ind1=" " ind2=" " tag="999">
		<subfield code="i">
			NNC_1893020
		</subfield>
		<subfield code="o">
			(OCoLC)ocm35633500
		</subfield>
		<subfield code="s">
			columbia_aco000886:v.1
		</subfield>
		<subfield code="e">
			(ERROR-880)
		</subfield>
		<subfield code="s">
			columbia_aco000886:v.1
		</subfield>
	</datafield>
</record>
